%YAML 1.1
%TAG !u! tag:unity3d.com,2011:
--- !u!29 &1
OcclusionCullingSettings:
  m_ObjectHideFlags: 0
  serializedVersion: 2
  m_OcclusionBakeSettings:
    smallestOccluder: 5
    smallestHole: 0.25
    backfaceThreshold: 100
  m_SceneGUID: 00000000000000000000000000000000
  m_OcclusionCullingData: {fileID: 0}
--- !u!104 &2
RenderSettings:
  m_ObjectHideFlags: 0
  serializedVersion: 9
  m_Fog: 0
  m_FogColor: {r: 0.5, g: 0.5, b: 0.5, a: 1}
  m_FogMode: 3
  m_FogDensity: 0.01
  m_LinearFogStart: 0
  m_LinearFogEnd: 300
  m_AmbientSkyColor: {r: 0.212, g: 0.227, b: 0.259, a: 1}
  m_AmbientEquatorColor: {r: 0.114, g: 0.125, b: 0.133, a: 1}
  m_AmbientGroundColor: {r: 0.047, g: 0.043, b: 0.035, a: 1}
  m_AmbientIntensity: 1
  m_AmbientMode: 3
  m_SubtractiveShadowColor: {r: 0.42, g: 0.478, b: 0.627, a: 1}
  m_SkyboxMaterial: {fileID: 0}
  m_HaloStrength: 0.5
  m_FlareStrength: 1
  m_FlareFadeSpeed: 3
  m_HaloTexture: {fileID: 0}
  m_SpotCookie: {fileID: 10001, guid: 0000000000000000e000000000000000, type: 0}
  m_DefaultReflectionMode: 0
  m_DefaultReflectionResolution: 128
  m_ReflectionBounces: 1
  m_ReflectionIntensity: 1
  m_CustomReflection: {fileID: 0}
  m_Sun: {fileID: 0}
  m_IndirectSpecularColor: {r: 0, g: 0, b: 0, a: 1}
  m_UseRadianceAmbientProbe: 0
--- !u!157 &3
LightmapSettings:
  m_ObjectHideFlags: 0
  serializedVersion: 11
  m_GIWorkflowMode: 1
  m_GISettings:
    serializedVersion: 2
    m_BounceScale: 1
    m_IndirectOutputScale: 1
    m_AlbedoBoost: 1
    m_EnvironmentLightingMode: 0
    m_EnableBakedLightmaps: 0
    m_EnableRealtimeLightmaps: 0
  m_LightmapEditorSettings:
    serializedVersion: 12
    m_Resolution: 2
    m_BakeResolution: 40
    m_AtlasSize: 1024
    m_AO: 0
    m_AOMaxDistance: 1
    m_CompAOExponent: 1
    m_CompAOExponentDirect: 0
    m_ExtractAmbientOcclusion: 0
    m_Padding: 2
    m_LightmapParameters: {fileID: 0}
    m_LightmapsBakeMode: 1
    m_TextureCompression: 1
    m_FinalGather: 0
    m_FinalGatherFiltering: 1
    m_FinalGatherRayCount: 256
    m_ReflectionCompression: 2
    m_MixedBakeMode: 2
    m_BakeBackend: 0
    m_PVRSampling: 1
    m_PVRDirectSampleCount: 32
    m_PVRSampleCount: 500
    m_PVRBounces: 2
    m_PVREnvironmentSampleCount: 500
    m_PVREnvironmentReferencePointCount: 2048
    m_PVRFilteringMode: 2
    m_PVRDenoiserTypeDirect: 0
    m_PVRDenoiserTypeIndirect: 0
    m_PVRDenoiserTypeAO: 0
    m_PVRFilterTypeDirect: 0
    m_PVRFilterTypeIndirect: 0
    m_PVRFilterTypeAO: 0
    m_PVREnvironmentMIS: 0
    m_PVRCulling: 1
    m_PVRFilteringGaussRadiusDirect: 1
    m_PVRFilteringGaussRadiusIndirect: 5
    m_PVRFilteringGaussRadiusAO: 2
    m_PVRFilteringAtrousPositionSigmaDirect: 0.5
    m_PVRFilteringAtrousPositionSigmaIndirect: 2
    m_PVRFilteringAtrousPositionSigmaAO: 1
    m_ExportTrainingData: 0
    m_TrainingDataDestination: TrainingData
  m_LightingDataAsset: {fileID: 0}
  m_UseShadowmask: 1
--- !u!196 &4
NavMeshSettings:
  serializedVersion: 2
  m_ObjectHideFlags: 0
  m_BuildSettings:
    serializedVersion: 2
    agentTypeID: 0
    agentRadius: 0.5
    agentHeight: 2
    agentSlope: 45
    agentClimb: 0.4
    ledgeDropHeight: 0
    maxJumpAcrossDistance: 0
    minRegionArea: 2
    manualCellSize: 0
    cellSize: 0.16666667
    manualTileSize: 0
    tileSize: 256
    accuratePlacement: 0
    debug:
      m_Flags: 0
  m_NavMeshData: {fileID: 0}
--- !u!1001 &1647330299
PrefabInstance:
  m_ObjectHideFlags: 0
  serializedVersion: 2
  m_Modification:
    m_TransformParent: {fileID: 1990609238}
    m_Modifications:
    - target: {fileID: 9095848090421598188, guid: 1a1cbafb862344de5a1a8d7a0cbc7dcc,
        type: 3}
      propertyPath: m_Name
      value: Path (0)
      objectReference: {fileID: 0}
    - target: {fileID: 7408165929386974717, guid: 1a1cbafb862344de5a1a8d7a0cbc7dcc,
        type: 3}
      propertyPath: m_LocalPosition.x
      value: 0
      objectReference: {fileID: 0}
    - target: {fileID: 7408165929386974717, guid: 1a1cbafb862344de5a1a8d7a0cbc7dcc,
        type: 3}
      propertyPath: m_LocalPosition.y
      value: 0
      objectReference: {fileID: 0}
    - target: {fileID: 7408165929386974717, guid: 1a1cbafb862344de5a1a8d7a0cbc7dcc,
        type: 3}
      propertyPath: m_LocalPosition.z
      value: 0
      objectReference: {fileID: 0}
    - target: {fileID: 7408165929386974717, guid: 1a1cbafb862344de5a1a8d7a0cbc7dcc,
        type: 3}
      propertyPath: m_LocalRotation.x
      value: -0
      objectReference: {fileID: 0}
    - target: {fileID: 7408165929386974717, guid: 1a1cbafb862344de5a1a8d7a0cbc7dcc,
        type: 3}
      propertyPath: m_LocalRotation.y
      value: -0
      objectReference: {fileID: 0}
    - target: {fileID: 7408165929386974717, guid: 1a1cbafb862344de5a1a8d7a0cbc7dcc,
        type: 3}
      propertyPath: m_LocalRotation.z
      value: -0
      objectReference: {fileID: 0}
    - target: {fileID: 7408165929386974717, guid: 1a1cbafb862344de5a1a8d7a0cbc7dcc,
        type: 3}
      propertyPath: m_LocalRotation.w
      value: 1
      objectReference: {fileID: 0}
    - target: {fileID: 7408165929386974717, guid: 1a1cbafb862344de5a1a8d7a0cbc7dcc,
        type: 3}
      propertyPath: m_RootOrder
      value: 5
      objectReference: {fileID: 0}
    - target: {fileID: 7408165929386974717, guid: 1a1cbafb862344de5a1a8d7a0cbc7dcc,
        type: 3}
      propertyPath: m_LocalEulerAnglesHint.x
      value: 0
      objectReference: {fileID: 0}
    - target: {fileID: 7408165929386974717, guid: 1a1cbafb862344de5a1a8d7a0cbc7dcc,
        type: 3}
      propertyPath: m_LocalEulerAnglesHint.y
      value: 0
      objectReference: {fileID: 0}
    - target: {fileID: 7408165929386974717, guid: 1a1cbafb862344de5a1a8d7a0cbc7dcc,
        type: 3}
      propertyPath: m_LocalEulerAnglesHint.z
      value: 0
      objectReference: {fileID: 0}
    - target: {fileID: 1836463338451249034, guid: 1a1cbafb862344de5a1a8d7a0cbc7dcc,
        type: 3}
      propertyPath: m_LocalPosition.x
      value: -7.83
      objectReference: {fileID: 0}
    - target: {fileID: 1836463338451249034, guid: 1a1cbafb862344de5a1a8d7a0cbc7dcc,
        type: 3}
      propertyPath: m_LocalPosition.y
      value: 6.87
      objectReference: {fileID: 0}
    - target: {fileID: 4364681464860000453, guid: 1a1cbafb862344de5a1a8d7a0cbc7dcc,
        type: 3}
      propertyPath: m_LocalPosition.x
      value: -0.11
      objectReference: {fileID: 0}
    - target: {fileID: 4364681464860000453, guid: 1a1cbafb862344de5a1a8d7a0cbc7dcc,
        type: 3}
      propertyPath: m_LocalPosition.y
      value: -2.88
      objectReference: {fileID: 0}
    - target: {fileID: 6917971661011375679, guid: 1a1cbafb862344de5a1a8d7a0cbc7dcc,
        type: 3}
      propertyPath: m_LocalPosition.x
      value: 7.31
      objectReference: {fileID: 0}
    - target: {fileID: 6917971661011375679, guid: 1a1cbafb862344de5a1a8d7a0cbc7dcc,
        type: 3}
      propertyPath: m_LocalPosition.y
      value: 5.47
      objectReference: {fileID: 0}
    - target: {fileID: 854953617383243945, guid: 1a1cbafb862344de5a1a8d7a0cbc7dcc,
        type: 3}
      propertyPath: m_Icon
      value: 
      objectReference: {fileID: 5721338939258241955, guid: 0000000000000000d000000000000000,
        type: 0}
    m_RemovedComponents: []
  m_SourcePrefab: {fileID: 100100000, guid: 1a1cbafb862344de5a1a8d7a0cbc7dcc, type: 3}
--- !u!4 &1647330300 stripped
Transform:
  m_CorrespondingSourceObject: {fileID: 7408165929386974717, guid: 1a1cbafb862344de5a1a8d7a0cbc7dcc,
    type: 3}
  m_PrefabInstance: {fileID: 1647330299}
  m_PrefabAsset: {fileID: 0}
--- !u!1 &1804957765
GameObject:
  m_ObjectHideFlags: 0
  m_CorrespondingSourceObject: {fileID: 0}
  m_PrefabInstance: {fileID: 0}
  m_PrefabAsset: {fileID: 0}
  serializedVersion: 6
  m_Component:
  - component: {fileID: 1804957768}
  - component: {fileID: 1804957767}
  - component: {fileID: 1804957766}
  m_Layer: 0
  m_Name: EventSystem
  m_TagString: Untagged
  m_Icon: {fileID: 0}
  m_NavMeshLayer: 0
  m_StaticEditorFlags: 0
  m_IsActive: 1
--- !u!114 &1804957766
MonoBehaviour:
  m_ObjectHideFlags: 0
  m_CorrespondingSourceObject: {fileID: 0}
  m_PrefabInstance: {fileID: 0}
  m_PrefabAsset: {fileID: 0}
  m_GameObject: {fileID: 1804957765}
  m_Enabled: 1
  m_EditorHideFlags: 0
  m_Script: {fileID: 11500000, guid: 4f231c4fb786f3946a6b90b886c48677, type: 3}
  m_Name: 
  m_EditorClassIdentifier: 
  m_HorizontalAxis: Horizontal
  m_VerticalAxis: Vertical
  m_SubmitButton: Submit
  m_CancelButton: Cancel
  m_InputActionsPerSecond: 10
  m_RepeatDelay: 0.5
  m_ForceModuleActive: 0
--- !u!114 &1804957767
MonoBehaviour:
  m_ObjectHideFlags: 0
  m_CorrespondingSourceObject: {fileID: 0}
  m_PrefabInstance: {fileID: 0}
  m_PrefabAsset: {fileID: 0}
  m_GameObject: {fileID: 1804957765}
  m_Enabled: 1
  m_EditorHideFlags: 0
  m_Script: {fileID: 11500000, guid: 76c392e42b5098c458856cdf6ecaaaa1, type: 3}
  m_Name: 
  m_EditorClassIdentifier: 
  m_FirstSelected: {fileID: 0}
  m_sendNavigationEvents: 1
  m_DragThreshold: 10
--- !u!4 &1804957768
Transform:
  m_ObjectHideFlags: 0
  m_CorrespondingSourceObject: {fileID: 0}
  m_PrefabInstance: {fileID: 0}
  m_PrefabAsset: {fileID: 0}
  m_GameObject: {fileID: 1804957765}
  m_LocalRotation: {x: 0, y: 0, z: 0, w: 1}
  m_LocalPosition: {x: 0, y: 0, z: 0}
  m_LocalScale: {x: 1, y: 1, z: 1}
  m_Children: []
  m_Father: {fileID: 0}
  m_RootOrder: 4
  m_LocalEulerAnglesHint: {x: 0, y: 0, z: 0}
--- !u!1 &1990609237
GameObject:
  m_ObjectHideFlags: 0
  m_CorrespondingSourceObject: {fileID: 0}
  m_PrefabInstance: {fileID: 0}
  m_PrefabAsset: {fileID: 0}
  serializedVersion: 6
  m_Component:
  - component: {fileID: 1990609238}
  m_Layer: 0
  m_Name: Game Elements
  m_TagString: Untagged
  m_Icon: {fileID: 0}
  m_NavMeshLayer: 0
  m_StaticEditorFlags: 0
  m_IsActive: 1
--- !u!4 &1990609238
Transform:
  m_ObjectHideFlags: 0
  m_CorrespondingSourceObject: {fileID: 0}
  m_PrefabInstance: {fileID: 0}
  m_PrefabAsset: {fileID: 0}
  m_GameObject: {fileID: 1990609237}
  m_LocalRotation: {x: 0, y: 0, z: 0, w: 1}
  m_LocalPosition: {x: 0, y: 0, z: 0}
  m_LocalScale: {x: 1, y: 1, z: 1}
  m_Children:
  - {fileID: 8333438982745639680}
  - {fileID: 7403971801371216273}
  - {fileID: 1875383765086857102}
  - {fileID: 7237587232586430618}
  - {fileID: 5013913680676862279}
  - {fileID: 1647330300}
  - {fileID: 2454391563180381505}
  m_Father: {fileID: 0}
  m_RootOrder: 0
  m_LocalEulerAnglesHint: {x: 0, y: 0, z: 0}
--- !u!1001 &1157240212844747847
PrefabInstance:
  m_ObjectHideFlags: 0
  serializedVersion: 2
  m_Modification:
    m_TransformParent: {fileID: 0}
    m_Modifications:
    - target: {fileID: 1157240214459594436, guid: cc453786dfc1445b78e1c8d0caa87a28,
        type: 3}
      propertyPath: m_Name
      value: Player
      objectReference: {fileID: 0}
    - target: {fileID: 1157240214459594434, guid: cc453786dfc1445b78e1c8d0caa87a28,
        type: 3}
      propertyPath: m_LocalPosition.x
      value: 0
      objectReference: {fileID: 0}
    - target: {fileID: 1157240214459594434, guid: cc453786dfc1445b78e1c8d0caa87a28,
        type: 3}
      propertyPath: m_LocalPosition.y
      value: -7.8
      objectReference: {fileID: 0}
    - target: {fileID: 1157240214459594434, guid: cc453786dfc1445b78e1c8d0caa87a28,
        type: 3}
      propertyPath: m_LocalPosition.z
      value: 0
      objectReference: {fileID: 0}
    - target: {fileID: 1157240214459594434, guid: cc453786dfc1445b78e1c8d0caa87a28,
        type: 3}
      propertyPath: m_LocalRotation.x
      value: 0
      objectReference: {fileID: 0}
    - target: {fileID: 1157240214459594434, guid: cc453786dfc1445b78e1c8d0caa87a28,
        type: 3}
      propertyPath: m_LocalRotation.y
      value: 0
      objectReference: {fileID: 0}
    - target: {fileID: 1157240214459594434, guid: cc453786dfc1445b78e1c8d0caa87a28,
        type: 3}
      propertyPath: m_LocalRotation.z
      value: 0
      objectReference: {fileID: 0}
    - target: {fileID: 1157240214459594434, guid: cc453786dfc1445b78e1c8d0caa87a28,
        type: 3}
      propertyPath: m_LocalRotation.w
      value: 1
      objectReference: {fileID: 0}
    - target: {fileID: 1157240214459594434, guid: cc453786dfc1445b78e1c8d0caa87a28,
        type: 3}
      propertyPath: m_RootOrder
      value: 3
      objectReference: {fileID: 0}
    - target: {fileID: 1157240214459594434, guid: cc453786dfc1445b78e1c8d0caa87a28,
        type: 3}
      propertyPath: m_LocalEulerAnglesHint.x
      value: 0
      objectReference: {fileID: 0}
    - target: {fileID: 1157240214459594434, guid: cc453786dfc1445b78e1c8d0caa87a28,
        type: 3}
      propertyPath: m_LocalEulerAnglesHint.y
      value: 0
      objectReference: {fileID: 0}
    - target: {fileID: 1157240214459594434, guid: cc453786dfc1445b78e1c8d0caa87a28,
        type: 3}
      propertyPath: m_LocalEulerAnglesHint.z
      value: 0
      objectReference: {fileID: 0}
    m_RemovedComponents: []
  m_SourcePrefab: {fileID: 100100000, guid: cc453786dfc1445b78e1c8d0caa87a28, type: 3}
--- !u!1001 &1875383765086857101
PrefabInstance:
  m_ObjectHideFlags: 0
  serializedVersion: 2
  m_Modification:
    m_TransformParent: {fileID: 1990609238}
    m_Modifications:
    - target: {fileID: 1875383765577053834, guid: 80703b102b9d36a4386192abef3bcd1d,
        type: 3}
      propertyPath: m_Name
      value: Starfield close
      objectReference: {fileID: 0}
    - target: {fileID: 1875383765577053831, guid: 80703b102b9d36a4386192abef3bcd1d,
        type: 3}
      propertyPath: m_LocalPosition.x
      value: 0
      objectReference: {fileID: 0}
    - target: {fileID: 1875383765577053831, guid: 80703b102b9d36a4386192abef3bcd1d,
        type: 3}
      propertyPath: m_LocalPosition.y
      value: 11.35
      objectReference: {fileID: 0}
    - target: {fileID: 1875383765577053831, guid: 80703b102b9d36a4386192abef3bcd1d,
        type: 3}
      propertyPath: m_LocalPosition.z
      value: 1.8
      objectReference: {fileID: 0}
    - target: {fileID: 1875383765577053831, guid: 80703b102b9d36a4386192abef3bcd1d,
        type: 3}
      propertyPath: m_LocalRotation.x
      value: -0.000000029802322
      objectReference: {fileID: 0}
    - target: {fileID: 1875383765577053831, guid: 80703b102b9d36a4386192abef3bcd1d,
        type: 3}
      propertyPath: m_LocalRotation.y
      value: 0.7071068
      objectReference: {fileID: 0}
    - target: {fileID: 1875383765577053831, guid: 80703b102b9d36a4386192abef3bcd1d,
        type: 3}
      propertyPath: m_LocalRotation.z
      value: -0.7071068
      objectReference: {fileID: 0}
    - target: {fileID: 1875383765577053831, guid: 80703b102b9d36a4386192abef3bcd1d,
        type: 3}
      propertyPath: m_LocalRotation.w
      value: -0.000000029802322
      objectReference: {fileID: 0}
    - target: {fileID: 1875383765577053831, guid: 80703b102b9d36a4386192abef3bcd1d,
        type: 3}
      propertyPath: m_RootOrder
      value: 2
      objectReference: {fileID: 0}
    - target: {fileID: 1875383765577053831, guid: 80703b102b9d36a4386192abef3bcd1d,
        type: 3}
      propertyPath: m_LocalEulerAnglesHint.x
      value: -270
      objectReference: {fileID: 0}
    - target: {fileID: 1875383765577053831, guid: 80703b102b9d36a4386192abef3bcd1d,
        type: 3}
      propertyPath: m_LocalEulerAnglesHint.y
      value: -449.999
      objectReference: {fileID: 0}
    - target: {fileID: 1875383765577053831, guid: 80703b102b9d36a4386192abef3bcd1d,
        type: 3}
      propertyPath: m_LocalEulerAnglesHint.z
      value: -269.999
      objectReference: {fileID: 0}
    m_RemovedComponents: []
  m_SourcePrefab: {fileID: 100100000, guid: 80703b102b9d36a4386192abef3bcd1d, type: 3}
--- !u!4 &1875383765086857102 stripped
Transform:
  m_CorrespondingSourceObject: {fileID: 1875383765577053831, guid: 80703b102b9d36a4386192abef3bcd1d,
    type: 3}
  m_PrefabInstance: {fileID: 1875383765086857101}
  m_PrefabAsset: {fileID: 0}
--- !u!1001 &2262513983346070006
PrefabInstance:
  m_ObjectHideFlags: 0
  serializedVersion: 2
  m_Modification:
    m_TransformParent: {fileID: 0}
    m_Modifications:
    - target: {fileID: 824711177718824235, guid: d5cbbb0ca420198418cf0102f7d4c531,
        type: 3}
      propertyPath: m_Name
      value: Level
      objectReference: {fileID: 0}
    - target: {fileID: 4599047994744741962, guid: d5cbbb0ca420198418cf0102f7d4c531,
        type: 3}
      propertyPath: m_LocalPosition.x
      value: 0
      objectReference: {fileID: 0}
    - target: {fileID: 4599047994744741962, guid: d5cbbb0ca420198418cf0102f7d4c531,
        type: 3}
      propertyPath: m_LocalPosition.y
      value: 0
      objectReference: {fileID: 0}
    - target: {fileID: 4599047994744741962, guid: d5cbbb0ca420198418cf0102f7d4c531,
        type: 3}
      propertyPath: m_LocalPosition.z
      value: 0
      objectReference: {fileID: 0}
    - target: {fileID: 4599047994744741962, guid: d5cbbb0ca420198418cf0102f7d4c531,
        type: 3}
      propertyPath: m_LocalRotation.x
      value: 0
      objectReference: {fileID: 0}
    - target: {fileID: 4599047994744741962, guid: d5cbbb0ca420198418cf0102f7d4c531,
        type: 3}
      propertyPath: m_LocalRotation.y
      value: 0
      objectReference: {fileID: 0}
    - target: {fileID: 4599047994744741962, guid: d5cbbb0ca420198418cf0102f7d4c531,
        type: 3}
      propertyPath: m_LocalRotation.z
      value: 0
      objectReference: {fileID: 0}
    - target: {fileID: 4599047994744741962, guid: d5cbbb0ca420198418cf0102f7d4c531,
        type: 3}
      propertyPath: m_LocalRotation.w
      value: 1
      objectReference: {fileID: 0}
    - target: {fileID: 4599047994744741962, guid: d5cbbb0ca420198418cf0102f7d4c531,
        type: 3}
      propertyPath: m_RootOrder
      value: 6
      objectReference: {fileID: 0}
    - target: {fileID: 4599047994744741962, guid: d5cbbb0ca420198418cf0102f7d4c531,
        type: 3}
      propertyPath: m_LocalEulerAnglesHint.x
      value: 0
      objectReference: {fileID: 0}
    - target: {fileID: 4599047994744741962, guid: d5cbbb0ca420198418cf0102f7d4c531,
        type: 3}
      propertyPath: m_LocalEulerAnglesHint.y
      value: 0
      objectReference: {fileID: 0}
    - target: {fileID: 4599047994744741962, guid: d5cbbb0ca420198418cf0102f7d4c531,
        type: 3}
      propertyPath: m_LocalEulerAnglesHint.z
      value: 0
      objectReference: {fileID: 0}
    m_RemovedComponents: []
  m_SourcePrefab: {fileID: 100100000, guid: d5cbbb0ca420198418cf0102f7d4c531, type: 3}
--- !u!1001 &2454391563180381504
PrefabInstance:
  m_ObjectHideFlags: 0
  serializedVersion: 2
  m_Modification:
    m_TransformParent: {fileID: 1990609238}
    m_Modifications:
    - target: {fileID: 1442490708361761288, guid: 2a80f3ae9382846eab7277b20727d3df,
        type: 3}
      propertyPath: m_Name
      value: Path (1)
      objectReference: {fileID: 0}
    - target: {fileID: 932570186618886169, guid: 2a80f3ae9382846eab7277b20727d3df,
        type: 3}
      propertyPath: m_LocalPosition.x
      value: 0
      objectReference: {fileID: 0}
    - target: {fileID: 932570186618886169, guid: 2a80f3ae9382846eab7277b20727d3df,
        type: 3}
      propertyPath: m_LocalPosition.y
      value: 0
      objectReference: {fileID: 0}
    - target: {fileID: 932570186618886169, guid: 2a80f3ae9382846eab7277b20727d3df,
        type: 3}
      propertyPath: m_LocalPosition.z
      value: 0
      objectReference: {fileID: 0}
    - target: {fileID: 932570186618886169, guid: 2a80f3ae9382846eab7277b20727d3df,
        type: 3}
      propertyPath: m_LocalRotation.x
      value: -0
      objectReference: {fileID: 0}
    - target: {fileID: 932570186618886169, guid: 2a80f3ae9382846eab7277b20727d3df,
        type: 3}
      propertyPath: m_LocalRotation.y
      value: -0
      objectReference: {fileID: 0}
    - target: {fileID: 932570186618886169, guid: 2a80f3ae9382846eab7277b20727d3df,
        type: 3}
      propertyPath: m_LocalRotation.z
      value: -0
      objectReference: {fileID: 0}
    - target: {fileID: 932570186618886169, guid: 2a80f3ae9382846eab7277b20727d3df,
        type: 3}
      propertyPath: m_LocalRotation.w
      value: 1
      objectReference: {fileID: 0}
    - target: {fileID: 932570186618886169, guid: 2a80f3ae9382846eab7277b20727d3df,
        type: 3}
      propertyPath: m_RootOrder
      value: 6
      objectReference: {fileID: 0}
    - target: {fileID: 932570186618886169, guid: 2a80f3ae9382846eab7277b20727d3df,
        type: 3}
      propertyPath: m_LocalEulerAnglesHint.x
      value: 0
      objectReference: {fileID: 0}
    - target: {fileID: 932570186618886169, guid: 2a80f3ae9382846eab7277b20727d3df,
        type: 3}
      propertyPath: m_LocalEulerAnglesHint.y
      value: 0
      objectReference: {fileID: 0}
    - target: {fileID: 932570186618886169, guid: 2a80f3ae9382846eab7277b20727d3df,
        type: 3}
      propertyPath: m_LocalEulerAnglesHint.z
      value: 0
      objectReference: {fileID: 0}
    - target: {fileID: 8305303605886378606, guid: 2a80f3ae9382846eab7277b20727d3df,
        type: 3}
      propertyPath: m_LocalPosition.y
      value: 9.02
      objectReference: {fileID: 0}
    - target: {fileID: 8305303605886378606, guid: 2a80f3ae9382846eab7277b20727d3df,
        type: 3}
      propertyPath: m_LocalPosition.x
      value: 7.49
      objectReference: {fileID: 0}
    - target: {fileID: 7533637495653086028, guid: 2a80f3ae9382846eab7277b20727d3df,
        type: 3}
      propertyPath: m_LocalPosition.x
      value: -4.03
      objectReference: {fileID: 0}
    - target: {fileID: 7533637495653086028, guid: 2a80f3ae9382846eab7277b20727d3df,
        type: 3}
      propertyPath: m_LocalPosition.y
      value: -3.97
      objectReference: {fileID: 0}
    m_RemovedComponents: []
  m_SourcePrefab: {fileID: 100100000, guid: 2a80f3ae9382846eab7277b20727d3df, type: 3}
--- !u!4 &2454391563180381505 stripped
Transform:
  m_CorrespondingSourceObject: {fileID: 932570186618886169, guid: 2a80f3ae9382846eab7277b20727d3df,
    type: 3}
  m_PrefabInstance: {fileID: 2454391563180381504}
  m_PrefabAsset: {fileID: 0}
--- !u!1001 &3160846377185029737
PrefabInstance:
  m_ObjectHideFlags: 0
  serializedVersion: 2
  m_Modification:
    m_TransformParent: {fileID: 0}
    m_Modifications:
    - target: {fileID: 3160846376425201509, guid: fbcebde80f9b6444a812972b5ab5ef50,
        type: 3}
      propertyPath: m_Name
      value: Enemy Spwaner
      objectReference: {fileID: 0}
    - target: {fileID: 3160846376425201511, guid: fbcebde80f9b6444a812972b5ab5ef50,
        type: 3}
      propertyPath: m_LocalPosition.x
      value: 0
      objectReference: {fileID: 0}
    - target: {fileID: 3160846376425201511, guid: fbcebde80f9b6444a812972b5ab5ef50,
        type: 3}
      propertyPath: m_LocalPosition.y
      value: 0
      objectReference: {fileID: 0}
    - target: {fileID: 3160846376425201511, guid: fbcebde80f9b6444a812972b5ab5ef50,
        type: 3}
      propertyPath: m_LocalPosition.z
      value: 0
      objectReference: {fileID: 0}
    - target: {fileID: 3160846376425201511, guid: fbcebde80f9b6444a812972b5ab5ef50,
        type: 3}
      propertyPath: m_LocalRotation.x
      value: 0
      objectReference: {fileID: 0}
    - target: {fileID: 3160846376425201511, guid: fbcebde80f9b6444a812972b5ab5ef50,
        type: 3}
      propertyPath: m_LocalRotation.y
      value: 0
      objectReference: {fileID: 0}
    - target: {fileID: 3160846376425201511, guid: fbcebde80f9b6444a812972b5ab5ef50,
        type: 3}
      propertyPath: m_LocalRotation.z
      value: 0
      objectReference: {fileID: 0}
    - target: {fileID: 3160846376425201511, guid: fbcebde80f9b6444a812972b5ab5ef50,
        type: 3}
      propertyPath: m_LocalRotation.w
      value: 1
      objectReference: {fileID: 0}
    - target: {fileID: 3160846376425201511, guid: fbcebde80f9b6444a812972b5ab5ef50,
        type: 3}
      propertyPath: m_RootOrder
      value: 5
      objectReference: {fileID: 0}
    - target: {fileID: 3160846376425201511, guid: fbcebde80f9b6444a812972b5ab5ef50,
        type: 3}
      propertyPath: m_LocalEulerAnglesHint.x
      value: 0
      objectReference: {fileID: 0}
    - target: {fileID: 3160846376425201511, guid: fbcebde80f9b6444a812972b5ab5ef50,
        type: 3}
      propertyPath: m_LocalEulerAnglesHint.y
      value: 0
      objectReference: {fileID: 0}
    - target: {fileID: 3160846376425201511, guid: fbcebde80f9b6444a812972b5ab5ef50,
        type: 3}
      propertyPath: m_LocalEulerAnglesHint.z
      value: 0
      objectReference: {fileID: 0}
    m_RemovedComponents: []
  m_SourcePrefab: {fileID: 100100000, guid: fbcebde80f9b6444a812972b5ab5ef50, type: 3}
--- !u!1001 &3269124446889095232
PrefabInstance:
  m_ObjectHideFlags: 0
  serializedVersion: 2
  m_Modification:
    m_TransformParent: {fileID: 0}
    m_Modifications:
    - target: {fileID: 3269124447196088380, guid: e38240161d2f648a491a0ad0c0db78f8,
        type: 3}
      propertyPath: m_Name
      value: Main Camera
      objectReference: {fileID: 0}
    - target: {fileID: 3269124447196088512, guid: e38240161d2f648a491a0ad0c0db78f8,
        type: 3}
      propertyPath: m_LocalPosition.x
      value: 0
      objectReference: {fileID: 0}
    - target: {fileID: 3269124447196088512, guid: e38240161d2f648a491a0ad0c0db78f8,
        type: 3}
      propertyPath: m_LocalPosition.y
      value: 0
      objectReference: {fileID: 0}
    - target: {fileID: 3269124447196088512, guid: e38240161d2f648a491a0ad0c0db78f8,
        type: 3}
      propertyPath: m_LocalPosition.z
      value: -10
      objectReference: {fileID: 0}
    - target: {fileID: 3269124447196088512, guid: e38240161d2f648a491a0ad0c0db78f8,
        type: 3}
      propertyPath: m_LocalRotation.x
      value: 0
      objectReference: {fileID: 0}
    - target: {fileID: 3269124447196088512, guid: e38240161d2f648a491a0ad0c0db78f8,
        type: 3}
      propertyPath: m_LocalRotation.y
      value: 0
      objectReference: {fileID: 0}
    - target: {fileID: 3269124447196088512, guid: e38240161d2f648a491a0ad0c0db78f8,
        type: 3}
      propertyPath: m_LocalRotation.z
      value: 0
      objectReference: {fileID: 0}
    - target: {fileID: 3269124447196088512, guid: e38240161d2f648a491a0ad0c0db78f8,
        type: 3}
      propertyPath: m_LocalRotation.w
      value: 1
      objectReference: {fileID: 0}
    - target: {fileID: 3269124447196088512, guid: e38240161d2f648a491a0ad0c0db78f8,
        type: 3}
      propertyPath: m_RootOrder
      value: 1
      objectReference: {fileID: 0}
    - target: {fileID: 3269124447196088512, guid: e38240161d2f648a491a0ad0c0db78f8,
        type: 3}
      propertyPath: m_LocalEulerAnglesHint.x
      value: 0
      objectReference: {fileID: 0}
    - target: {fileID: 3269124447196088512, guid: e38240161d2f648a491a0ad0c0db78f8,
        type: 3}
      propertyPath: m_LocalEulerAnglesHint.y
      value: 0
      objectReference: {fileID: 0}
    - target: {fileID: 3269124447196088512, guid: e38240161d2f648a491a0ad0c0db78f8,
        type: 3}
      propertyPath: m_LocalEulerAnglesHint.z
      value: 0
      objectReference: {fileID: 0}
    - target: {fileID: 3269124447196088512, guid: e38240161d2f648a491a0ad0c0db78f8,
        type: 3}
      propertyPath: m_LocalScale.y
      value: 1
      objectReference: {fileID: 0}
    - target: {fileID: 3269124447196088512, guid: e38240161d2f648a491a0ad0c0db78f8,
        type: 3}
      propertyPath: m_LocalScale.x
      value: 1
      objectReference: {fileID: 0}
    - target: {fileID: 3269124447196088383, guid: e38240161d2f648a491a0ad0c0db78f8,
        type: 3}
      propertyPath: orthographic size
      value: 10
      objectReference: {fileID: 0}
    - target: {fileID: 3269124447196088383, guid: e38240161d2f648a491a0ad0c0db78f8,
        type: 3}
      propertyPath: orthographic
      value: 1
      objectReference: {fileID: 0}
    - target: {fileID: 3269124447196088383, guid: e38240161d2f648a491a0ad0c0db78f8,
        type: 3}
      propertyPath: field of view
      value: 70.82808
      objectReference: {fileID: 0}
    m_RemovedComponents: []
  m_SourcePrefab: {fileID: 100100000, guid: e38240161d2f648a491a0ad0c0db78f8, type: 3}
--- !u!1001 &5013913680676862278
PrefabInstance:
  m_ObjectHideFlags: 0
  serializedVersion: 2
  m_Modification:
    m_TransformParent: {fileID: 1990609238}
    m_Modifications:
    - target: {fileID: 8788839730952174875, guid: 13b92b473182c754399840bf36f17bd5,
        type: 3}
      propertyPath: m_Name
      value: Sheredder Button
      objectReference: {fileID: 0}
    - target: {fileID: 8271604894971922468, guid: 13b92b473182c754399840bf36f17bd5,
        type: 3}
      propertyPath: m_LocalPosition.x
      value: 0
      objectReference: {fileID: 0}
    - target: {fileID: 8271604894971922468, guid: 13b92b473182c754399840bf36f17bd5,
        type: 3}
      propertyPath: m_LocalPosition.y
      value: -10.8
      objectReference: {fileID: 0}
    - target: {fileID: 8271604894971922468, guid: 13b92b473182c754399840bf36f17bd5,
        type: 3}
      propertyPath: m_LocalPosition.z
      value: 0
      objectReference: {fileID: 0}
    - target: {fileID: 8271604894971922468, guid: 13b92b473182c754399840bf36f17bd5,
        type: 3}
      propertyPath: m_LocalRotation.x
      value: -0
      objectReference: {fileID: 0}
    - target: {fileID: 8271604894971922468, guid: 13b92b473182c754399840bf36f17bd5,
        type: 3}
      propertyPath: m_LocalRotation.y
      value: -0
      objectReference: {fileID: 0}
    - target: {fileID: 8271604894971922468, guid: 13b92b473182c754399840bf36f17bd5,
        type: 3}
      propertyPath: m_LocalRotation.z
      value: -0
      objectReference: {fileID: 0}
    - target: {fileID: 8271604894971922468, guid: 13b92b473182c754399840bf36f17bd5,
        type: 3}
      propertyPath: m_LocalRotation.w
      value: 1
      objectReference: {fileID: 0}
    - target: {fileID: 8271604894971922468, guid: 13b92b473182c754399840bf36f17bd5,
        type: 3}
      propertyPath: m_RootOrder
      value: 4
      objectReference: {fileID: 0}
    - target: {fileID: 8271604894971922468, guid: 13b92b473182c754399840bf36f17bd5,
        type: 3}
      propertyPath: m_LocalEulerAnglesHint.x
      value: 0
      objectReference: {fileID: 0}
    - target: {fileID: 8271604894971922468, guid: 13b92b473182c754399840bf36f17bd5,
        type: 3}
      propertyPath: m_LocalEulerAnglesHint.y
      value: 0
      objectReference: {fileID: 0}
    - target: {fileID: 8271604894971922468, guid: 13b92b473182c754399840bf36f17bd5,
        type: 3}
      propertyPath: m_LocalEulerAnglesHint.z
      value: 0
      objectReference: {fileID: 0}
    m_RemovedComponents: []
  m_SourcePrefab: {fileID: 100100000, guid: 13b92b473182c754399840bf36f17bd5, type: 3}
--- !u!4 &5013913680676862279 stripped
Transform:
  m_CorrespondingSourceObject: {fileID: 8271604894971922468, guid: 13b92b473182c754399840bf36f17bd5,
    type: 3}
  m_PrefabInstance: {fileID: 5013913680676862278}
  m_PrefabAsset: {fileID: 0}
--- !u!1001 &5823010636987412883
PrefabInstance:
  m_ObjectHideFlags: 0
  serializedVersion: 2
  m_Modification:
    m_TransformParent: {fileID: 0}
    m_Modifications:
    - target: {fileID: 6779649659575382410, guid: 3c9d0d5b8d8b2f04ca0ea521214ef466,
        type: 3}
      propertyPath: m_Name
      value: Music Layer
      objectReference: {fileID: 0}
    - target: {fileID: 4762678956216862864, guid: 3c9d0d5b8d8b2f04ca0ea521214ef466,
        type: 3}
      propertyPath: m_LocalPosition.x
      value: 0
      objectReference: {fileID: 0}
    - target: {fileID: 4762678956216862864, guid: 3c9d0d5b8d8b2f04ca0ea521214ef466,
        type: 3}
      propertyPath: m_LocalPosition.y
      value: 0
      objectReference: {fileID: 0}
    - target: {fileID: 4762678956216862864, guid: 3c9d0d5b8d8b2f04ca0ea521214ef466,
        type: 3}
      propertyPath: m_LocalPosition.z
      value: 0
      objectReference: {fileID: 0}
    - target: {fileID: 4762678956216862864, guid: 3c9d0d5b8d8b2f04ca0ea521214ef466,
        type: 3}
      propertyPath: m_LocalRotation.x
      value: 0
      objectReference: {fileID: 0}
    - target: {fileID: 4762678956216862864, guid: 3c9d0d5b8d8b2f04ca0ea521214ef466,
        type: 3}
      propertyPath: m_LocalRotation.y
      value: 0
      objectReference: {fileID: 0}
    - target: {fileID: 4762678956216862864, guid: 3c9d0d5b8d8b2f04ca0ea521214ef466,
        type: 3}
      propertyPath: m_LocalRotation.z
      value: 0
      objectReference: {fileID: 0}
    - target: {fileID: 4762678956216862864, guid: 3c9d0d5b8d8b2f04ca0ea521214ef466,
        type: 3}
      propertyPath: m_LocalRotation.w
      value: 1
      objectReference: {fileID: 0}
    - target: {fileID: 4762678956216862864, guid: 3c9d0d5b8d8b2f04ca0ea521214ef466,
        type: 3}
      propertyPath: m_RootOrder
      value: 7
      objectReference: {fileID: 0}
    - target: {fileID: 4762678956216862864, guid: 3c9d0d5b8d8b2f04ca0ea521214ef466,
        type: 3}
      propertyPath: m_LocalEulerAnglesHint.x
      value: 0
      objectReference: {fileID: 0}
    - target: {fileID: 4762678956216862864, guid: 3c9d0d5b8d8b2f04ca0ea521214ef466,
        type: 3}
      propertyPath: m_LocalEulerAnglesHint.y
      value: 0
      objectReference: {fileID: 0}
    - target: {fileID: 4762678956216862864, guid: 3c9d0d5b8d8b2f04ca0ea521214ef466,
        type: 3}
      propertyPath: m_LocalEulerAnglesHint.z
      value: 0
      objectReference: {fileID: 0}
    m_RemovedComponents: []
  m_SourcePrefab: {fileID: 100100000, guid: 3c9d0d5b8d8b2f04ca0ea521214ef466, type: 3}
--- !u!1001 &6573812864261337662
PrefabInstance:
  m_ObjectHideFlags: 0
  serializedVersion: 2
  m_Modification:
    m_TransformParent: {fileID: 0}
    m_Modifications:
    - target: {fileID: 2196148141528097140, guid: 9d89885bb5a8caf44b65ac86eeea5887,
        type: 3}
      propertyPath: m_Name
      value: Game Session
      objectReference: {fileID: 0}
    - target: {fileID: 8436665664763342816, guid: 9d89885bb5a8caf44b65ac86eeea5887,
        type: 3}
      propertyPath: m_LocalPosition.x
      value: 0
      objectReference: {fileID: 0}
    - target: {fileID: 8436665664763342816, guid: 9d89885bb5a8caf44b65ac86eeea5887,
        type: 3}
      propertyPath: m_LocalPosition.y
      value: 0
      objectReference: {fileID: 0}
    - target: {fileID: 8436665664763342816, guid: 9d89885bb5a8caf44b65ac86eeea5887,
        type: 3}
      propertyPath: m_LocalPosition.z
      value: 0
      objectReference: {fileID: 0}
    - target: {fileID: 8436665664763342816, guid: 9d89885bb5a8caf44b65ac86eeea5887,
        type: 3}
      propertyPath: m_LocalRotation.x
      value: 0
      objectReference: {fileID: 0}
    - target: {fileID: 8436665664763342816, guid: 9d89885bb5a8caf44b65ac86eeea5887,
        type: 3}
      propertyPath: m_LocalRotation.y
      value: 0
      objectReference: {fileID: 0}
    - target: {fileID: 8436665664763342816, guid: 9d89885bb5a8caf44b65ac86eeea5887,
        type: 3}
      propertyPath: m_LocalRotation.z
      value: 0
      objectReference: {fileID: 0}
    - target: {fileID: 8436665664763342816, guid: 9d89885bb5a8caf44b65ac86eeea5887,
        type: 3}
      propertyPath: m_LocalRotation.w
      value: 1
      objectReference: {fileID: 0}
    - target: {fileID: 8436665664763342816, guid: 9d89885bb5a8caf44b65ac86eeea5887,
        type: 3}
      propertyPath: m_RootOrder
      value: 8
      objectReference: {fileID: 0}
    - target: {fileID: 8436665664763342816, guid: 9d89885bb5a8caf44b65ac86eeea5887,
        type: 3}
      propertyPath: m_LocalEulerAnglesHint.x
      value: 0
      objectReference: {fileID: 0}
    - target: {fileID: 8436665664763342816, guid: 9d89885bb5a8caf44b65ac86eeea5887,
        type: 3}
      propertyPath: m_LocalEulerAnglesHint.y
      value: 0
      objectReference: {fileID: 0}
    - target: {fileID: 8436665664763342816, guid: 9d89885bb5a8caf44b65ac86eeea5887,
        type: 3}
      propertyPath: m_LocalEulerAnglesHint.z
      value: 0
      objectReference: {fileID: 0}
    m_RemovedComponents: []
  m_SourcePrefab: {fileID: 100100000, guid: 9d89885bb5a8caf44b65ac86eeea5887, type: 3}
--- !u!1001 &7237587232586430617
PrefabInstance:
  m_ObjectHideFlags: 0
  serializedVersion: 2
  m_Modification:
    m_TransformParent: {fileID: 1990609238}
    m_Modifications:
    - target: {fileID: 7237587231213625481, guid: 84c3400e49933d34d9c052fb8e51b2d4,
        type: 3}
      propertyPath: m_Name
      value: Sheredder Top
      objectReference: {fileID: 0}
    - target: {fileID: 7237587231213625482, guid: 84c3400e49933d34d9c052fb8e51b2d4,
        type: 3}
      propertyPath: m_LocalPosition.x
      value: 0
      objectReference: {fileID: 0}
    - target: {fileID: 7237587231213625482, guid: 84c3400e49933d34d9c052fb8e51b2d4,
        type: 3}
      propertyPath: m_LocalPosition.y
      value: 11.09
      objectReference: {fileID: 0}
    - target: {fileID: 7237587231213625482, guid: 84c3400e49933d34d9c052fb8e51b2d4,
        type: 3}
      propertyPath: m_LocalPosition.z
      value: 0
      objectReference: {fileID: 0}
    - target: {fileID: 7237587231213625482, guid: 84c3400e49933d34d9c052fb8e51b2d4,
        type: 3}
      propertyPath: m_LocalRotation.x
      value: -0
      objectReference: {fileID: 0}
    - target: {fileID: 7237587231213625482, guid: 84c3400e49933d34d9c052fb8e51b2d4,
        type: 3}
      propertyPath: m_LocalRotation.y
      value: -0
      objectReference: {fileID: 0}
    - target: {fileID: 7237587231213625482, guid: 84c3400e49933d34d9c052fb8e51b2d4,
        type: 3}
      propertyPath: m_LocalRotation.z
      value: -0
      objectReference: {fileID: 0}
    - target: {fileID: 7237587231213625482, guid: 84c3400e49933d34d9c052fb8e51b2d4,
        type: 3}
      propertyPath: m_LocalRotation.w
      value: 1
      objectReference: {fileID: 0}
    - target: {fileID: 7237587231213625482, guid: 84c3400e49933d34d9c052fb8e51b2d4,
        type: 3}
      propertyPath: m_RootOrder
      value: 3
      objectReference: {fileID: 0}
    - target: {fileID: 7237587231213625482, guid: 84c3400e49933d34d9c052fb8e51b2d4,
        type: 3}
      propertyPath: m_LocalEulerAnglesHint.x
      value: 0
      objectReference: {fileID: 0}
    - target: {fileID: 7237587231213625482, guid: 84c3400e49933d34d9c052fb8e51b2d4,
        type: 3}
      propertyPath: m_LocalEulerAnglesHint.y
      value: 0
      objectReference: {fileID: 0}
    - target: {fileID: 7237587231213625482, guid: 84c3400e49933d34d9c052fb8e51b2d4,
        type: 3}
      propertyPath: m_LocalEulerAnglesHint.z
      value: 0
      objectReference: {fileID: 0}
    m_RemovedComponents: []
  m_SourcePrefab: {fileID: 100100000, guid: 84c3400e49933d34d9c052fb8e51b2d4, type: 3}
--- !u!4 &7237587232586430618 stripped
Transform:
  m_CorrespondingSourceObject: {fileID: 7237587231213625482, guid: 84c3400e49933d34d9c052fb8e51b2d4,
    type: 3}
  m_PrefabInstance: {fileID: 7237587232586430617}
  m_PrefabAsset: {fileID: 0}
--- !u!1001 &7403971801371216272
PrefabInstance:
  m_ObjectHideFlags: 0
  serializedVersion: 2
  m_Modification:
    m_TransformParent: {fileID: 1990609238}
    m_Modifications:
    - target: {fileID: 7403971801094820158, guid: 6b4ffe96eb303c843879dc876b20015d,
        type: 3}
      propertyPath: m_Name
      value: Starfield far
      objectReference: {fileID: 0}
    - target: {fileID: 7403971801094820129, guid: 6b4ffe96eb303c843879dc876b20015d,
        type: 3}
      propertyPath: m_LocalPosition.x
      value: 0
      objectReference: {fileID: 0}
    - target: {fileID: 7403971801094820129, guid: 6b4ffe96eb303c843879dc876b20015d,
        type: 3}
      propertyPath: m_LocalPosition.y
      value: 11.35
      objectReference: {fileID: 0}
    - target: {fileID: 7403971801094820129, guid: 6b4ffe96eb303c843879dc876b20015d,
        type: 3}
      propertyPath: m_LocalPosition.z
      value: 1.8
      objectReference: {fileID: 0}
    - target: {fileID: 7403971801094820129, guid: 6b4ffe96eb303c843879dc876b20015d,
        type: 3}
      propertyPath: m_LocalRotation.x
      value: -0.000000029802322
      objectReference: {fileID: 0}
    - target: {fileID: 7403971801094820129, guid: 6b4ffe96eb303c843879dc876b20015d,
        type: 3}
      propertyPath: m_LocalRotation.y
      value: 0.7071068
      objectReference: {fileID: 0}
    - target: {fileID: 7403971801094820129, guid: 6b4ffe96eb303c843879dc876b20015d,
        type: 3}
      propertyPath: m_LocalRotation.z
      value: -0.7071068
      objectReference: {fileID: 0}
    - target: {fileID: 7403971801094820129, guid: 6b4ffe96eb303c843879dc876b20015d,
        type: 3}
      propertyPath: m_LocalRotation.w
      value: -0.000000029802322
      objectReference: {fileID: 0}
    - target: {fileID: 7403971801094820129, guid: 6b4ffe96eb303c843879dc876b20015d,
        type: 3}
      propertyPath: m_RootOrder
      value: 1
      objectReference: {fileID: 0}
    - target: {fileID: 7403971801094820129, guid: 6b4ffe96eb303c843879dc876b20015d,
        type: 3}
      propertyPath: m_LocalEulerAnglesHint.x
      value: -270
      objectReference: {fileID: 0}
    - target: {fileID: 7403971801094820129, guid: 6b4ffe96eb303c843879dc876b20015d,
        type: 3}
      propertyPath: m_LocalEulerAnglesHint.y
      value: -449.999
      objectReference: {fileID: 0}
    - target: {fileID: 7403971801094820129, guid: 6b4ffe96eb303c843879dc876b20015d,
        type: 3}
      propertyPath: m_LocalEulerAnglesHint.z
      value: -269.999
      objectReference: {fileID: 0}
    m_RemovedComponents: []
  m_SourcePrefab: {fileID: 100100000, guid: 6b4ffe96eb303c843879dc876b20015d, type: 3}
--- !u!4 &7403971801371216273 stripped
Transform:
  m_CorrespondingSourceObject: {fileID: 7403971801094820129, guid: 6b4ffe96eb303c843879dc876b20015d,
    type: 3}
  m_PrefabInstance: {fileID: 7403971801371216272}
  m_PrefabAsset: {fileID: 0}
--- !u!1001 &8333438982745639679
PrefabInstance:
  m_ObjectHideFlags: 0
  serializedVersion: 2
  m_Modification:
    m_TransformParent: {fileID: 1990609238}
    m_Modifications:
    - target: {fileID: 8333438983647002211, guid: 6d963cbde97187f45b0decc85d98ea22,
        type: 3}
      propertyPath: m_Name
      value: BackGround
      objectReference: {fileID: 0}
    - target: {fileID: 8333438983647002208, guid: 6d963cbde97187f45b0decc85d98ea22,
        type: 3}
      propertyPath: m_LocalPosition.x
      value: 0.085
      objectReference: {fileID: 0}
    - target: {fileID: 8333438983647002208, guid: 6d963cbde97187f45b0decc85d98ea22,
        type: 3}
      propertyPath: m_LocalPosition.y
      value: 0.357
      objectReference: {fileID: 0}
    - target: {fileID: 8333438983647002208, guid: 6d963cbde97187f45b0decc85d98ea22,
        type: 3}
      propertyPath: m_LocalPosition.z
      value: 5.1
      objectReference: {fileID: 0}
    - target: {fileID: 8333438983647002208, guid: 6d963cbde97187f45b0decc85d98ea22,
        type: 3}
      propertyPath: m_LocalRotation.x
      value: -0
      objectReference: {fileID: 0}
    - target: {fileID: 8333438983647002208, guid: 6d963cbde97187f45b0decc85d98ea22,
        type: 3}
      propertyPath: m_LocalRotation.y
      value: -0
      objectReference: {fileID: 0}
    - target: {fileID: 8333438983647002208, guid: 6d963cbde97187f45b0decc85d98ea22,
        type: 3}
      propertyPath: m_LocalRotation.z
      value: -0
      objectReference: {fileID: 0}
    - target: {fileID: 8333438983647002208, guid: 6d963cbde97187f45b0decc85d98ea22,
        type: 3}
      propertyPath: m_LocalRotation.w
      value: 1
      objectReference: {fileID: 0}
    - target: {fileID: 8333438983647002208, guid: 6d963cbde97187f45b0decc85d98ea22,
        type: 3}
      propertyPath: m_RootOrder
      value: 0
      objectReference: {fileID: 0}
    - target: {fileID: 8333438983647002208, guid: 6d963cbde97187f45b0decc85d98ea22,
        type: 3}
      propertyPath: m_LocalEulerAnglesHint.x
      value: 0
      objectReference: {fileID: 0}
    - target: {fileID: 8333438983647002208, guid: 6d963cbde97187f45b0decc85d98ea22,
        type: 3}
      propertyPath: m_LocalEulerAnglesHint.y
      value: 0
      objectReference: {fileID: 0}
    - target: {fileID: 8333438983647002208, guid: 6d963cbde97187f45b0decc85d98ea22,
        type: 3}
      propertyPath: m_LocalEulerAnglesHint.z
      value: 0
      objectReference: {fileID: 0}
    m_RemovedComponents: []
  m_SourcePrefab: {fileID: 100100000, guid: 6d963cbde97187f45b0decc85d98ea22, type: 3}
--- !u!4 &8333438982745639680 stripped
Transform:
  m_CorrespondingSourceObject: {fileID: 8333438983647002208, guid: 6d963cbde97187f45b0decc85d98ea22,
    type: 3}
  m_PrefabInstance: {fileID: 8333438982745639679}
  m_PrefabAsset: {fileID: 0}
--- !u!1001 &8482788208278871991
PrefabInstance:
  m_ObjectHideFlags: 0
  serializedVersion: 2
  m_Modification:
    m_TransformParent: {fileID: 0}
    m_Modifications:
    - target: {fileID: 8482788209783234541, guid: 51f52c3b7056a47c7b4797bd6a3ecceb,
        type: 3}
      propertyPath: m_Name
      value: Game Canvas
      objectReference: {fileID: 0}
    - target: {fileID: 8482788209783234537, guid: 51f52c3b7056a47c7b4797bd6a3ecceb,
        type: 3}
      propertyPath: m_LocalPosition.x
      value: 0
      objectReference: {fileID: 0}
    - target: {fileID: 8482788209783234537, guid: 51f52c3b7056a47c7b4797bd6a3ecceb,
        type: 3}
      propertyPath: m_LocalPosition.y
      value: 0
      objectReference: {fileID: 0}
    - target: {fileID: 8482788209783234537, guid: 51f52c3b7056a47c7b4797bd6a3ecceb,
        type: 3}
      propertyPath: m_LocalPosition.z
      value: 0
      objectReference: {fileID: 0}
    - target: {fileID: 8482788209783234537, guid: 51f52c3b7056a47c7b4797bd6a3ecceb,
        type: 3}
      propertyPath: m_LocalRotation.x
      value: 0
      objectReference: {fileID: 0}
    - target: {fileID: 8482788209783234537, guid: 51f52c3b7056a47c7b4797bd6a3ecceb,
        type: 3}
      propertyPath: m_LocalRotation.y
      value: 0
      objectReference: {fileID: 0}
    - target: {fileID: 8482788209783234537, guid: 51f52c3b7056a47c7b4797bd6a3ecceb,
        type: 3}
      propertyPath: m_LocalRotation.z
      value: 0
      objectReference: {fileID: 0}
    - target: {fileID: 8482788209783234537, guid: 51f52c3b7056a47c7b4797bd6a3ecceb,
        type: 3}
      propertyPath: m_LocalRotation.w
      value: 1
      objectReference: {fileID: 0}
    - target: {fileID: 8482788209783234537, guid: 51f52c3b7056a47c7b4797bd6a3ecceb,
        type: 3}
      propertyPath: m_RootOrder
      value: 2
      objectReference: {fileID: 0}
    - target: {fileID: 8482788209783234537, guid: 51f52c3b7056a47c7b4797bd6a3ecceb,
        type: 3}
      propertyPath: m_LocalEulerAnglesHint.x
      value: 0
      objectReference: {fileID: 0}
    - target: {fileID: 8482788209783234537, guid: 51f52c3b7056a47c7b4797bd6a3ecceb,
        type: 3}
      propertyPath: m_LocalEulerAnglesHint.y
      value: 0
      objectReference: {fileID: 0}
    - target: {fileID: 8482788209783234537, guid: 51f52c3b7056a47c7b4797bd6a3ecceb,
        type: 3}
      propertyPath: m_LocalEulerAnglesHint.z
      value: 0
      objectReference: {fileID: 0}
    - target: {fileID: 8482788209783234537, guid: 51f52c3b7056a47c7b4797bd6a3ecceb,
        type: 3}
      propertyPath: m_AnchoredPosition.x
      value: 0
      objectReference: {fileID: 0}
    - target: {fileID: 8482788209783234537, guid: 51f52c3b7056a47c7b4797bd6a3ecceb,
        type: 3}
      propertyPath: m_AnchoredPosition.y
      value: 0
      objectReference: {fileID: 0}
    - target: {fileID: 8482788209783234537, guid: 51f52c3b7056a47c7b4797bd6a3ecceb,
        type: 3}
      propertyPath: m_SizeDelta.x
      value: 0
      objectReference: {fileID: 0}
    - target: {fileID: 8482788209783234537, guid: 51f52c3b7056a47c7b4797bd6a3ecceb,
        type: 3}
      propertyPath: m_SizeDelta.y
      value: 0
      objectReference: {fileID: 0}
    - target: {fileID: 8482788209783234537, guid: 51f52c3b7056a47c7b4797bd6a3ecceb,
        type: 3}
      propertyPath: m_AnchorMin.x
      value: 0
      objectReference: {fileID: 0}
    - target: {fileID: 8482788209783234537, guid: 51f52c3b7056a47c7b4797bd6a3ecceb,
        type: 3}
      propertyPath: m_AnchorMin.y
      value: 0
      objectReference: {fileID: 0}
    - target: {fileID: 8482788209783234537, guid: 51f52c3b7056a47c7b4797bd6a3ecceb,
        type: 3}
      propertyPath: m_AnchorMax.x
      value: 0
      objectReference: {fileID: 0}
    - target: {fileID: 8482788209783234537, guid: 51f52c3b7056a47c7b4797bd6a3ecceb,
        type: 3}
      propertyPath: m_AnchorMax.y
      value: 0
      objectReference: {fileID: 0}
    - target: {fileID: 8482788209783234537, guid: 51f52c3b7056a47c7b4797bd6a3ecceb,
        type: 3}
      propertyPath: m_Pivot.x
      value: 0
      objectReference: {fileID: 0}
    - target: {fileID: 8482788209783234537, guid: 51f52c3b7056a47c7b4797bd6a3ecceb,
        type: 3}
      propertyPath: m_Pivot.y
      value: 0
      objectReference: {fileID: 0}
    m_RemovedComponents: []
  m_SourcePrefab: {fileID: 100100000, guid: 51f52c3b7056a47c7b4797bd6a3ecceb, type: 3}
